<collection xmlns="http://www.loc.gov/MARC21/slim">
<record>
  <leader>00955nam0a2200241 i 450 </leader>
  <controlfield tag="001">IT\ICCU\CNCE\015120</controlfield>
  <controlfield tag="005">20180207000000.0</controlfield>
  <datafield tag="012" ind1=" " ind2=" ">
    <subfield code="a">ecex i-r. e.r- naRe (C) 1594 (A)</subfield>
    <subfield code="2">fei</subfield>
  </datafield>
  <datafield tag="100" ind1=" " ind2=" ">
    <subfield code="a">19970101d1594        0itac0103    ba</subfield>
  </datafield>
  <datafield tag="101" ind1=" " ind2=" ">
    <subfield code="a">ITA</subfield>
    <subfield code="a">LAT</subfield>
  </datafield>
  <datafield tag="102" ind1=" " ind2=" ">
    <subfield code="a">IT</subfield>
  </datafield>
  <datafield tag="200" ind1="1" ind2=" ">
    <subfield code="a">Decreta Ordinis minorum conuent. De casuum Reseruatione</subfield>
  </datafield>
  <datafield tag="210" ind1=" " ind2=" ">
    <subfield code="a">Cupertini</subfield>
    <subfield code="c">apud Io. Bernardinum Desa</subfield>
    <subfield code="d">1594</subfield>
  </datafield>
  <datafield tag="215" ind1=" " ind2=" ">
    <subfield code="a">\12! c.</subfield>
    <subfield code="d">16ʻ</subfield>
  </datafield>
  <datafield tag="620" ind1=" " ind2=" ">
    <subfield code="a">IT</subfield>
    <subfield code="d">Copertino</subfield>
  </datafield>
  <datafield tag="710" ind1="0" ind2="2">
    <subfield code="a">Conventuali</subfield>
    <subfield code="3">IT\ICCU\CNCT\003474</subfield>
  </datafield>
  <datafield tag="712" ind1="0" ind2="0">
    <subfield code="a">Desa, Giovanni Bernardino</subfield>
    <subfield code="3">IT\ICCU\CNCT\000600</subfield>
    <subfield code="4">650</subfield>
  </datafield>
  <datafield tag="791" ind1="0" ind2="2">
    <subfield code="a">Ordo fratrum minorum conventualium</subfield>
    <subfield code="3">15501</subfield>
    <subfield code="z">Conventuali</subfield>
  </datafield>
  <datafield tag="791" ind1="0" ind2="2">
    <subfield code="a">Fratres s. Francisci conventuales</subfield>
    <subfield code="3">15502</subfield>
    <subfield code="z">Conventuali</subfield>
  </datafield>
  <datafield tag="791" ind1="0" ind2="2">
    <subfield code="a">Frati minori conventuali</subfield>
    <subfield code="3">26310</subfield>
    <subfield code="z">Conventuali</subfield>
  </datafield>
  <datafield tag="791" ind1="0" ind2="0">
    <subfield code="a">Desa, Ioannes Bernardinus</subfield>
    <subfield code="3">IT\ICCU\CNCT\004614</subfield>
    <subfield code="z">Desa, Giovanni Bernardino</subfield>
  </datafield>
  <datafield tag="801" ind1=" " ind2="3">
    <subfield code="a">IT</subfield>
    <subfield code="b">ICCU</subfield>
    <subfield code="c">20201114</subfield>
  </datafield>
  <datafield tag="899" ind1=" " ind2=" ">
    <subfield code="a">Biblioteca Apostolica Vaticana. Citt ̉del Vaticano</subfield>
    <subfield code="1">EX0001</subfield>
    <subfield code="2">ZCV 01</subfield>
  </datafield>
</record>
</collection>
